@misc{IEEE,
author = {IETF},
title = {RFC5416},
howpublished = {\url{http://tools.ietf.org/html/rfc5416}},
month = {März},
year = {2009},
note = {zuletzt besucht am \today}
}

@misc{OSI,
author = {ITU-T Study Group 17},
title = {ITU-T X.200},
howpublished = {\url{http://handle.itu.int/11.1002/1000/2820}},
month = {September},
year = {1994},
note = {zuletzt besucht am \today}
}

@misc{Airodump-ng,
author = {Aircrack-ng},
title = {Airodump-ng documentation},
howpublished = {\url{http://www.aircrack-ng.org/doku.php?id=airodump-ng}},
month = {April},
year = {2014},
note = {zuletzt besucht am \today}
}

@misc{Aircrack-ng,
author = {Aircrack-ng},
title = {Aircrack-ng Suite},
howpublished = {\url{http://www.aircrack-ng.org}},
month = {April},
year = {2014},
note = {zuletzt besucht am \today}
}

@misc{Broadcom,
author = {Broadcom Corporation},
title = {Internetpräsenz},
howpublished = {\url{http://www.broadcom.com/company}},
note = {zuletzt besucht am \today}
}
@misc{BCM4330,
author = {Broadcom Corporation},
title = {BCM4330 Technische Informationen},
howpublished = {\url{http://www.broadcom.com/products/Wireless-LAN/802.11-Wireless-LAN-Solutions/BCM4330}},
note = {zuletzt besucht am \today}
}
@misc{BCM4329,
author = {Broadcom Corporation},
title = {BCM4329 Technische Informationen},
howpublished = {\url{http://www.broadcom.com/products/Wireless-LAN/802.11-Wireless-LAN-Solutions/BCM4329}},
note = {zuletzt besucht am \today}
}

@misc{Cyanogen,
author = {Cyanogenmod},
title = {Cyanogenmod Website},
howpublished = {\url{http://www.cyanogenmod.org}},
note = {zuletzt besucht am \today}
}

@misc{bcmon.apk,
author = {bcmon authors},
title = {Monitor mode for Broadcom WiFi Chipsets},
howpublished = {\url{https://code.google.com/p/bcmon}},
note = {zuletzt besucht am \today}
}

@misc{bcmonBlog,
author = {bcmon authors},
title = {bcmon Blog},
howpublished = {\url{http://bcmon.blogspot.de}},
note = {zuletzt besucht am \today}
}

@misc{AndroidDeveoper,
author = {Google Inc.},
title = {Android Developer Site},
howpublished = {\url{http://developer.android.com}},
note = {zuletzt besucht am \today}
}

@misc{BoundService,
author = {Google Inc.},
title = {Bound Services on Android Developer},
howpublished = {\url{http://developer.android.com/guide/components/bound-services.html}},
note = {zuletzt besucht am \today}
}
@misc{ADT,
author = {Eclipse Foundation & Google Inc.},
title = {Eclipse and Android Developer Tools Bundle},
howpublished = {\url{http://developer.android.com/sdk/index.html}},
note = {zuletzt besucht am \today}
}

@misc{S1,
author = {Samsung Group},
title = {Technical Specs of Samsung GALAXY S I9000},
howpublished = {\url{http://www.samsung.com/de/consumer/mobile-device/mobilephones/archive-mobile-phones/GT-I9000HKDDBT}},
note = {zuletzt besucht am \today}
}
